@inbook{awodey.category-theory/category-definition,
    title = {Category Theory},
    author = {Steve Awodey},
    publisher = {Oxford University Press},
    isbn = {0199587361, 9780199587360, 0199237182, 9780199237180},
    year = {2010},
    series = {Oxford Logic Guides 52},
    edition = {2nd},
    pages = {4â€”5}
}
